@misc{001,
    title  = {Specific cost breakdown onshore exploration wells - drilling operations [Internet]},
    author = {Price D.},
    url    = {https://www.rigworker.com/operations/specific-cost-breakdown-onshore-exploration-wells.html},
    year   = {2022},
    note   = {Accessed: 2022-12-08}
}

@misc{002,
    title = {{United Kingdom} Household Saving Ratio - 2022 Data - 2023 Forecast [internet]},
    url   = {https://tradingeconomics.com/united-kingdom/personal-savings}
},
    note         = {Accessed: 2022-12-08}
}

@misc{003,
    title  = {Financial concerns and the marginal propensity to consume in {COVID} times: Evidence from {UK} survey data [Internet]},
    author = {{Bank of England}},
    url    = {https://www.bankofengland.co.uk/working-paper/2022/financial-concerns-and-the-marginal-propensity-to-consume-in-covid-times},
    year   = {2022},
    note   = {Accessed: 2022-12-08}
}

@misc{004,
    title  = {Income tax rates and personal allowances [Internet]},
    author = {{UK Government}},
    url    = {https://www.gov.uk/income-tax-rates}
},
    year         = {2015},
    note         = {Accessed: 2022-12-08}
}

@misc{005,
    title  = {Deloitte Oil and Gas Price Forecast - Hydrogen Pathways to net-zero: Charting a new course for industry [Internet]},
    author = {{Deloitte}},
    url    = {https://www2.deloitte.com/content/dam/Deloitte/ca/Documents/energy-resources/ca-en-energy-and-resources-oil-and-gas-price-forecast-q3_AODA.pdf },
    note   = {Accessed: 2022-12-08}
}

@misc{006,
    title  = {{IoD} Infrastructure for Business - Getting shale gas working [Internet]},
    author = {Taylor, Corin and Lewis, Dan and Byles, Dan},
    url    = {https://www.igasplc.com/media/3067/iod-getting-shale-gas-working-main-report.pdf},
    note   = {Accessed: 2022-12-08}
}

@misc{007,
    title  = {Guidance on fracking: Developing shale gas in the {UK} [Internet]},
    author = {{UK Government}},
    url    = {https://www.gov.uk/government/publications/about-shale-gas-and-hydraulic-fracturing-fracking/developing-shale-oil-and-gas-in-the-uk#contents},
    note   = {Accessed: 2022-12-08}
}

@misc{008,
    title  = {Natural gas - 2022 Data - 1990-2021 Historical - 2023 Forecast - Price - Quote - Chart},
    author = {{Trading Economics}},
    url    = {https://tradingeconomics.com/commodity/natural-gas},
    note   = {Accessed: 2022-12-08}
}

@misc{009,
    title  = {Potential Greenhouse Gas Emissions Associated with Shale Gas Extraction and Use},
    author = {MacKay, David J C and Stone, Timothy J},
    url    = {https://assets.publishing.service.gov.uk/government/uploads/system/uploads/attachment_data/file/237330/MacKay_Stone_shale_study_report_09092013.pdf},
    note   = {Accessed: 2022-12-08}
}

@misc{010,
    title  = {United Utilities - Blackpool South [Internet]},
    author = {{United Utilities PLC}},
    url    = {https://www.unitedutilities.com/about-us/lancashire/blackpool-south/#:~:text=United%20Utilities%20%7C%20Blackpool%20South.},
    note   = {Accessed: 2022-12-08}
}

@misc{011,
    title  = {Compare 2022 business water rates [Internet]},
    author = {{Business Electricity Prices}},
    url    = {https://www.businesselectricityprices.org.uk/water-prices/}
},
    note         = {Accessed: 2022-12-08}
}

@article{COOPER2018577,
    title    = {Economic viability of {UK} shale gas and potential impacts on the energy market up to 2030},
    journal  = {Applied Energy},
    volume   = {215},
    pages    = {577-590},
    year     = {2018},
    issn     = {0306-2619},
    url      = {https://www.sciencedirect.com/science/article/pii/S0306261918301764},
    author   = {Jasmin Cooper and Laurence Stamford and Adisa Azapagic},
    keywords = {Shale gas, Life cycle costs, Electricity, Energy costs, Natural gas}
}

@article{MEHANY2019375,
    title    = {Analyzing the feasibility of fracking in the {U.S.} using macro level life cycle cost analysis and assessment approaches â€” A foundational study},
    journal  = {Sustainable Production and Consumption},
    volume   = {20},
    pages    = {375-388},
    year     = {2019},
    issn     = {2352-5509},
    url      = {https://doi.org/10.1016/j.spc.2019.08.001},
    author   = {Mehany, Mohammed S. Hashem M. and Shantanu Kumar},
    keywords = {Fracking, Life cycle cost, Life cycle assessment, Monte Carlo simulation, Shale gas}
}

@misc{012,
    title  = {{UK} inflation rate forecast 2019-2024 [Internet]},
    author = {{Statista}},
    url    = {https://www.statista.com/statistics/306720/cpi-rate-forecast-uk/#:~:text=In%202022%20the%20annual%20inflation},
    note   = {Accessed: 2022-12-08}
}

@misc{013,
    title  = {A formula for success: reviewing the social discount rate [Internet]},
    author = {Oxera},
    url    = { https://www.oxera.com/insights/agenda/articles/a-formula-for-success-reviewing-the-social-discount-rate/#:~:text=The%20social%20discount%20rate%20(SDR},
    note   = {Accessed: 2022-12-09}
}

@article{LOOMIS2017160,
    title    = {Quantifying Market and Non-market Benefits and Costs of Hydraulic Fracturing in the United States: A Summary of the Literature},
    journal  = {Ecological Economics},
    volume   = {138},
    pages    = {160-167},
    year     = {2017},
    issn     = {0921-8009},
    url      = {https://doi.org/10.1016/j.ecolecon.2017.03.036},
    author   = {John Loomis and Michelle Haefele},
    keywords = {Benefit-cost analysis, Hydraulic fracturing, Environmental costs, Market benefits}
}

@misc{015,
    title   = {The Economic Costs of Fracking in {Pennsylvania}},
    author  = {Buckley, Mark},
    journal = {ECONorthwest},
    url     = {https://www.delawareriverkeeper.org/sites/default/files/ECONW-Costs_of_Fracking-May2019.pdf},
    note    = {Accessed: 2022-12-08}
}

@article{016,
    title   = {Unconventional Gas and Oil Drilling Is Associated with Increased Hospital Utilization Rates},
    author  = {{Jemielita, Thomas et al.}},
    journal = {{PloS one}},
    volume  = {10(8),e0137371},
    year    = {2015},
    url     = {https://doi.org/10.1371/journal.pone.0131093},
    note    = {Accessed: 2022-12-08}
}

@article{doi:10.1080/21606544.2017.1398683,
    author    = {Xuanhao He and Na Lu and Robert P. Berrens},
    title     = {The case of the missing negative externality? Housing market effects of fracking in the Niobrara shale play, Colorado},
    journal   = {Journal of Environmental Economics and Policy},
    volume    = {7},
    number    = {3},
    pages     = {223-243},
    year      = {2018},
    publisher = {Routledge},
    url       = {https://doi.org/10.1080/21606544.2017.1398683},
    eprint    = {https://doi.org/10.1080/21606544.2017.1398683}
}

@misc{017,
    title   = {Water consumption of energy resource extraction, processing, and conversion [Internet]},
    author  = {Mielke, E. and Anadon, L. D. and Narayanamurti, V.},
    journal = {{Belfer Center for Science and International Affair}},
    url     = {https://www.belfercenter.org/publication/water-consumption-energy-resource-extraction-processing-and-conversion},
    year    = {2010},
    note    = {Accessed: 2022-12-09}
}

@misc{018,
    title  = {{UKA (UK ETS) futures prices} [Internet]},
    author = {Ember},
    url    = {https://ember-climate.org/data/data-tools/carbon-price-viewer/},
    year   = {2022},
    note   = {Accessed: 2022-12-09}
}

@misc{019,
    title  = {The Costs of Fracking - The Price Tag of Dirty Drilling's Environmental Damage [Internet]},
    author = {Dutzik, Tony and Ridlington, Elizabeth, John Rumpler},
    url    = {https://publicinterestnetwork.org/wp-content/uploads/2022/09/The-Costs-of-Fracking-vUS.pdf},
    year   = {2012},
    note   = {Accessed: 2022-12-09}
}

@article{doi:10.1146/annurev-resource-110320-092648,
    author  = {Black, Katie Jo and Boslett, Andrew J. and Hill, Elaine L. and Ma, Lala and McCoy, Shawn J.},
    title   = {Economic, Environmental, and Health Impacts of the Fracking Boom},
    journal = {Annual Review of Resource Economics},
    volume  = {13},
    number  = {1},
    pages   = {311-334},
    year    = {2021},
    url     = {https://doi.org/10.1146/annurev-resource-110320-092648},
    eprint  = {https://doi.org/10.1146/annurev-resource-110320-092648}
}