@misc{ansysDocumentation,
    author       = {ANSYS Inc},
    howpublished = {online},
    note         = {Accessed 20/03/2023},
    title        = {ANSYS Workbench Products Release Notes},
    year         = {2005},
    url          = {https://kashanu.ac.ir/Files/Content/ANSYS%20Workbench.pdf}
}

@article{USMANI2001721,
    title    = {Fundamental principles of structural behaviour under thermal effects},
    journal  = {Fire Safety Journal},
    volume   = {36},
    number   = {8},
    pages    = {721-744},
    year     = {2001},
    note     = {Response of Composite Steel Framed Structures to Fire},
    issn     = {0379-7112},
    url      = {https://www.sciencedirect.com/science/article/pii/S0379711201000376},
    author   = {A.S. Usmani and J.M. Rotter and S. Lamont and A.M. Sanad and M. Gillie},
    keywords = {Composite structures, Thermal expansion, Thermal bowing, Restraint to thermal actions, Non-linear geometrical responses}
}