@article{astleynever,
  title={Never Gonna Give You Up: Toward a Never Gonna Let You Down},
  author={Astley, Rick and Jacobs, David E and Baek, Jongmin and Adams, Andrew}
}

@book{simpsons,
  title={The Simpsons and philosophy: The d'oh! of Homer},
  author={Irwin, William and Conard, Mark T and Skoble, Aeon J},
  year={2010},
  publisher={ReadHowYouWant. com}
}
