@misc{dji,
    author = {DJI},
    year = {2021},
    title={{DJI Mavic 3 Specifications}}, 
    url={https://www.dji.com/uk/mavic-3/specs},
    note = {Last accessed 07 December 2021}
} 