@inproceedings{Watters1984AnalysisAC,
    title  = {Analysis and Control of Unsteady Flow in Pipelines},
    author = {Gary Z. Watters},
    year   = {1984}
}

@book{piping,
    author    = {Nayyar, Mohinder. L.},
    editor    = {Nayyar, Mohinder. L.},
    publisher = {McGraw-Hill},
    title     = {Piping Handbook Seventh Edition},
    year      = {},
    pages     = {1266},
    isbn      = {0-07-047106-1}
}