@misc{2d3d,
  author       = {Dey, Anup. Kumar},
  howpublished = {\url{https://whatispiping.com/expansion-loop-on-piping-system/} [Accessed: 16-12-22]},
  title        = {Expansion Loops on the Piping or Pipeline Systems},
  year         = {2019}
}

@misc{therm,
  author       = {{Engineering ToolBox}},
  howpublished = {\url{https://www.engineeringtoolbox.com/pipes-temperature-expansion-coefficients-d_48.html} [Accessed: 16-12-22]},
  title        = {Piping Materials - Temperature Expansion Coefficients. [online]},
  year         = {2003}
}

Engineering ToolBox, (2003). Piping Materials - Temperature Expansion Coefficients. [online] Available at: https://www.engineeringtoolbox.com/pipes-temperature-expansion-coefficients-d_48.html [Accessed Day Mo. Year].