@misc{shell1, 
    title={Shell Eco-marathon - Our mission},
    author = {{Shell}},
    year = {2022},
    url={https://www.makethefuture.shell/en-gb/about}, 
    accessed={26/04/2022 15:15} 
} 